
@online{wiki,
	title={Thread (computing)},
	url={https://en.wikipedia.org/wiki/Thread_(computing)},
	year={2000},
	publisher={Wikipedia},
	retrieved = {2020/07/17}
}

@online{whatsabyte,
	title = {What Are Threads in a Processor?},
	publisher = {Whatsabyte},
	url  = {https://whatsabyte.com/blog/processor-threads/},
	year = {2020},
	retrieved = {2020/07/17}
}

@online{jesgargardon,
	title = {NÃºcleos e hilos de un procesador},
	publisher = {Jesgargardon},
	url  = {https://jesgargardon.com/blog/nucleos-e-hilos-de-un-procesador/},
	year = {2019},
	retrieved = {2020/07/17}
}

@online{history1,
	author = {Mark Smotherman},
	title = {History of Multithreading},
	publisher = {School of Computing, Clemson University},
	url  = {https://people.cs.clemson.edu/~mark/multithreading.html},
	year = {2007},
	retrieved = {2020/07/17}
}

@online{history2,
	author = {Prof. Grishman},
	title = {Trends in High-Performance Computer Architecture},
	publisher = {New York University},
	url  = {https://cs.nyu.edu/courses/fall10/V22.0436-001/lecture18.html},
	retrieved = {2020/07/17}
}
