@book{santamaría1993electrónica,
	title={Electr{\'o}nica digital y microprocesadores},
	author={Santamar{\'\i}a, E.},
	isbn={9788487840333},
	series={Ingenier{\'\i}a (Universidad Pontificia Comillas)},
	url={https://books.google.com.co/books?id=7dk7YCtu0HMC},
	year={1993},
	publisher={Universidad Pontificia Comillas}
}

@book{ramírez1986introducción,
	title={Introducci{\'o}n a los microprocesadores: equipo y sistemas},
	author={Ram{\'\i}rez, E.V.},
	isbn={9789681818395},
	url={https://books.google.com.co/books?id=Boih9s8uVP4C},
	year={1986},
	publisher={Limusa}
}

@book{sunil2011microprocessor,
	title={Microprocessor 8086 : Architecture, Programming and Interfacing},
	author={Sunil, M.},
	isbn={9788120340879},
	url={https://books.google.com.co/books?id=INrGtjM9VI0C},
	year={2011},
	publisher={PHI Learning Pvt. Ltd.}
}

@book{godse2010microprocessor,
	title={Microprocessor and Microcontroller},
	author={Godse, A.P. and Godse, D.A.},
	isbn={9788184315417},
	url={https://books.google.com.co/books?id=BOB-JnN6SHwC},
	year={2010},
	publisher={Technical Publications}
}

@book{mathivanan2007pc,
	title={PC-BASED INSTRUMENTATION: CONCEPTS AND PRACTICE},
	author={MATHIVANAN, N.},
	isbn={9788120330764},
	url={https://books.google.com.co/books?id=OB65rMNQDo8C},
	year={2007},
	publisher={PHI Learning}
}

@online{techterms,
	author = {Per Christensson},
	title = {Interrupt Definition},
	publisher = {Sharpened Productions},
	url  = {https://techterms.com/definition/interrupt},
	year = {2018},
	retrieved = {2020/07/03}
}

@online{wikibooks,
	title = {Microprocessor Design},
	publisher = {Wikibooks},
	url  = {https://en.wikibooks.org/w/index.php?title=Microprocessor_Design/Interrupts&oldid=3620027},
	year = {2019},
	retrieved = {2020/07/03}
}

@online{history,
	author = {Mark Smotherman},
	title = {Interrupts},
	publisher = {School of Computing, Clemson University},
	url  = {https://people.cs.clemson.edu/~mark/interrupts.html},
	year = {2017},
	retrieved = {2020/07/03}
}

@online{history2,
	author = {Bell, C. Gordon y Newell, Allen},
	title = {Computer Structures: Readings and Examples},
	publisher = {McGraw-Hill},
	url  = {http://gordonbell.azurewebsites.net/computer_structures__readings_and_examples/00000065.htm},
	year = {1971},
	retrieved = {2020/07/03}
}

@online{history3,
	title = {Notes on the logic of the ERA 1103 Computer System},
	publisher = {Engineering Research Associates},
	url  = {http://www.textfiles.com/bitsavers/pdf/univac/1103/ERA_1103_Jul53.pdf},
	year = {1953},
	retrieved = {2020/07/03}
}