@online{principia,
    author = "Linsky, Bernard y Irvine, Andrew David",
    title = "Principia Mathematica",
    publisher = "Metaphysics Research Lab, Stanford University",
    url  = "https://plato.stanford.edu/archives/fall2019/entries/principia-mathematica/",
    keywords = "Principia,Mathematica,Whitehead,Rusell"
}

@online{bbva,
    author = "Maestre, Nelo y Timón, Ágata ",
    title = "Así terminó el sueño de las matemáticas infalibles (y de paso, nació la computación moderna)",
    publisher = "Openmind BBVA",
    url  = "https://www.bbvaopenmind.com/ciencia/matematicas/asi-termino-el-sueno-de-las-matematicas-infalibles/",
    keywords = "Fundamentos,Turing,Gödel,Hilbert,Formalistas"
}

@book {turing,
    title = {El hombre que sabía demasiado},
    author = {David Leavitt},
    isbn = {9788495348302},
    series = {Grandes descubrimientos},
    year = {2006},
    publisher = {Antoni Bosch},
    keywords = {Turing, Maquina, Computación}
}
